@book{belsley_regression_2004,
  title = {{Regression Diagnostics: Identifying Influential Data and Sources of Collinearity}},
  author = {Belsley, David A. and Kuh, Edwin and Welsch, Roy E.},
  year = {2004},
  series = {{Wiley Series in Probability and Statistics}},
  publisher = {Wiley-Interscience},
  address = {Hoboken, {NJ}}
},

@book{berry_understanding_1993,
  title = {{Understanding Regression Assumptions}},
  author = {Berry, William D.},
  year = {1993},
  series = {{Quantitative Applications in the Social Sciences}},
  publisher = {Sage Publications},
  address = {Thousand Oaks, {CA}}
},

@article{brambor_understanding_2005,
  title = {{Understanding Interaction Models: Improving Empirical Analyses}},
  author = {Brambor, Thomas and Clark, William Roberts and Golder, Matt},
  year = {2005},
  journal = {Political Analysis},
  volume = {14},
  number = {1},
  pages = {63--82}
},

@book{chatterjee_regression_2012,
  title = {{Regression Analysis by Example}},
  author = {Chatterjee, Samprit and Hadi, Ali S.},
  year = {2012},
  series = {{Wiley Series in Probability and Statistics}},
  edition = {5th},
  publisher = {{Wiley}},
  address = {Hoboken, {NJ}}
},

@article{cook_detection_1977,
  title = {{Detection of Influential Observation in Linear Regression}},
  author = {Cook, R. Dennis},
  year = {1977},
  journal = {Technometrics},
  volume = {19},
  number = {1},
  pages = {15--18}
},

@article{enders_centering_2007,
  title = {{Centering Predictor Variables in Cross-Sectional Multilevel Models: A New Look at an Old Issue}},
  author = {Enders, Craig K. and Tofighi, Davood},
  year = {2007},
  journal = {Psychological Methods},
  volume = {12},
  number = {2},
  pages = {121--138}
},

@book{fox_applied_2008,
  title = {{Applied Regression Analysis and Generalized Linear Models}},
  author = {Fox, John},
  year = {2008},
  edition = {2},
  publisher = {Sage},
  address = {Thousand Oaks, {CA}}
},

@article{freedman_called_2006,
  title = {{On The So-Called ``Huber Sandwich Estimator'' and ``Robust Standard Errors''}},
  author = {Freedman, David A.},
  year = {2006},
  journal = {The American Statistician},
  volume = {60},
  number = {4},
  pages = {299--302}
},

@article{glaeser_injustice_2003,
  title = {{The Injustice of Inequality}},
  author = {Glaeser, Edward and Scheinkman, Jose and Shleifer, Andrei},
  year = {2003},
  journal = {Journal of Monetary Economics},
  volume = {50},
  number = {1},
  pages = {199--222}
},

@book{hamilton_statistics_2006,
  title = {{Statistics with Stata Version 9}},
  author = {Hamilton, Lawrence C.},
  year = {2006},
  publisher = {Duxbury Press},
  address = {Belmont, {CA}}
},

@inproceedings{huber_behavior_1967,
  title = {{The Behavior of Maximum Likelihood Estimates Under Nonstandard Conditions}},
  booktitle = {{Proceedings of the Fifth Berkeley Symposium on Mathematical Statistics and Probability}},
  author = {Huber, Peter J.},
  year = {1967},
  volume = {1},
  pages = {221--233},
  publisher = {University of California Press},
  address = {Berkeley, {CA}}
},

@book{kam_modeling_2007,
  title = {{Modeling and Interpreting Interactive Hypotheses in Regression Analysis}},
  author = {Kam, Cindy D. and Franzese Jr., Robert J.},
  year = {2007},
  publisher = {{University of Michigan Press}},
  address = {Ann Arbor, {MI}}
},

@article{kreft_effect_1995,
  title = {{The Effect of Different Forms of Centering in Hierarchical Linear Models}},
  author = {Kreft, Ita G. G. and de Leeuw, Jan and Aiken, Leona S.},
  year = {1995},
  journal = {Multivariate Behavioral Research},
  volume = {30},
  number = {1},
  pages = {1--21}
},

@book{mosteller_data_1977,
  title = {{Data Analysis and Regression. A Second Course in Statistics}},
  author = {Mosteller, Frederick and Tukey, John Wilder},
  year = {1977},
  series = {{Addison-Wesley Series in Behavioral Science: Quantitative Methods}},
  publisher = {Addison-Wesley},
  address = {Reading, {MA}}
},

@article{paccagnella_centering_2006,
  title = {{Centering or Not Centering in Multilevel Models? The Role of the Group Mean and the Assessment of Group Effects}},
  author = {Paccagnella, Omar},
  year = {2006},
  journal = {Evaluation Review},
  volume = {30},
  number = {1},
  pages = {66--85}
},

@article{white_heteroskedasticity_1980,
  title = {{A Heteroskedasticity-Consistent Covariance Matrix Estimator and a Direct Test for Heteroskedasticity}},
  author = {White, Halbert},
  year = {1980},
  journal = {Econometrica},
  volume = {48},
  number = {4},
  pages = {817--838}
}
